
% Book example
@book{swales1994,
  title={Academic writing for graduate students},
  author={Swales, John M and Feak, Christine B},
  year={1994},
  publisher={University of Michigan Press Ann Arbor, MI}
}

% Article example
@article{berners1994,
  title={The world-wide web},
  author={Berners-Lee, Tim and Cailliau, Robert and Luotonen, Ari and Nielsen, Henrik Frystyk and Secret, Arthur},
  journal={Communications of the ACM},
  volume={37},
  number={8},
  pages={76--82},
  year={1994},
  publisher={ACM New York, NY, USA}
}

% Web link example
@misc{webETSII,
  title={Regulations, forms and templates},
  author={University of Sk√∂vde},
  year={2022},
  url={https://www.his.se/en/research/doktorandhandbok/regulations-forms-and-templates/}
}

@Misc{pygame,
author = {Pete Shinners},
title = {PyGame},
howpublished = {\url{http://pygame.org/}},
year = {2011}
}

@inproceedings{peertopeer,
author = {El Saddik, Abdulmotaleb and Dufour, A.},
year = {2003},
month = {11},
pages = {101- 107},
title = {Peer-to-peer suitability for collaborative multiplayer games},
isbn = {0-7695-2036-7},
doi = {10.1109/DISRTA.2003.1243003}
}

@article{clientserver,
author = {Khan, Abdul and Arsov, Ivica and Preda, Marius and Chabridon, Sophie and Beugnard, Antoine},
year = {2010},
month = {03},
pages = {11},
title = {Adaptable client-server architecture for mobile multiplayer games},
isbn = {978-963-9799-87-5},
doi = {10.4108/ICST.SIMUTOOLS2010.8704}
}

@misc{doom-repo,
  author = {StanislavPetrovV },
  title = { DOOM-style-Game},
  year = {2020},
  publisher = {GitHub},
  journal = {GitHub repository},
  howpublished = {\url{https://github.com/StanislavPetrovV/DOOM-style-Game/tree/main}},
 
}

@inproceedings{tcpnotneeded,
author = {Chen, Kuan-Ta and Huang, Chun-Ying and Huang, Polly and Lei, Chin-Laung},
year = {2006},
month = {06},
pages = {5},
title = {An empirical evaluation of TCP performance in online games},
doi = {10.1145/1178823.1178830}
}